%% This BibTeX bibliography file was created using BibDesk.
%% http://bibdesk.sourceforge.net/


%% Created for Tobias Banaszak at 2010-08-16 21:56:58 +0200 


%% Saved with string encoding Unicode (UTF-8) 


@comment{jabref-meta: selector_publisher:}
@comment{jabref-meta: selector_author:}
@comment{jabref-meta: selector_journal:}
@comment{jabref-meta: selector_keywords:}



@article{qi2014structural,
	title={Structural dynamic deflection measurement with range cameras},
	author={Qi, Xiaojuan and Lichti, Derek D and El-Badry, Mamdouh and Chan, Ting On and El-Halawany, Sherif Ibrahim and Lahamy, Herv{\'e} and Steward, Jeremy},
	journal={The Photogrammetric Record},
	volume={29},
	number={145},
	pages={89--107},
	year={2014},
	publisher={Wiley Online Library}
}

@articel{payne20147,
	title={7.6 A 512$\times$ 424 CMOS 3D Time-of-Flight image sensor with multi-frequency photo-demodulation up to 130MHz and 2GS/s ADC},
	author={Payne, Andrew and Daniel, Andy and Mehta, Anik and Thompson, Barry and Bamji, Cyrus S and Snow, Dane and Oshima, Hideaki and Prather, Larry and Fenton, Mike and Kordus, Lou and others},
	booktitle={Solid-State Circuits Conference Digest of Technical Papers (ISSCC), 2014 IEEE International},
	pages={134--135},
	year={2014},
	organization={IEEE}
}
 
@articel{dumpk4W,
	title={dumpK4W},
	author={Wai Ho Li},
	pages={https://github.com/ruins/dumpK4W},
	year={2014},
}

@article{foix2011lock,
	title={Lock-in time-of-flight (ToF) cameras: a survey},
	author={Foix, Sergi and Alenya, Guillem and Torras, Carme},
	journal={Sensors Journal, IEEE},
	volume={11},
	number={9},
	pages={1917--1926},
	year={2011},
	publisher={IEEE}
}

@articel{lenzen2011denoising,
	title={Denoising time-of-flight data with adaptive total variation},
	author={Lenzen, Frank and Sch{\"a}fer, Henrik and Garbe, Christoph},
	booktitle={Advances in Visual Computing},
	pages={337--346},
	year={2011},
	publisher={Springer}
}

@articel{TVD_Matlab_code,
	title={Total Variation Denoising},
	author={Guy Gilboa},
	pages={http://visl.technion.ac.il},
	year={2003}
}

@article{rudin1992nonlinear,
	title={Nonlinear total variation based noise removal algorithms},
	author={Rudin, Leonid I and Osher, Stanley and Fatemi, Emad},
	journal={Physica D: Nonlinear Phenomena},
	volume={60},
	number={1},
	pages={259--268},
	year={1992},
	publisher={Elsevier}
}

@articel{proakis2001digital,
	title={Digital signal processing: principles algorithms and applications},
	author={Proakis, John G},
	year={2001},
	publisher={Pearson Education India}
}

@articel{hecht1987optik,
	title={Optik},
	author={Hecht, Eugene},
	year={1987},
	publisher={McGraw-Hill}
}

@articel{mccluney1994introduction,
	title={Introduction to radiometry and photometry},
	author={McCluney, William Ross},
	year={1994},
	publisher={Artech House}
}

@article{botez1979comparison,
	title={Comparison of surface-and edge-emitting LED's for use in fiber-optical communications},
	author={Botez, D and Ettenberg, M},
	journal={Electron Devices, IEEE Transactions on},
	volume={26},
	number={8},
	pages={1230--1238},
	year={1979},
	publisher={IEEE}
}

@article{pierret1996semiconductor,
	title={Semiconductor device fundamentals},
	author={Pierret, Robert F and others},
	year={1996},
	publisher={Addison-Wesley Reading, MA}
}

@articel{neugebauer1991parallel,
	title={A parallel analog CCD/CMOS neural network IC},
	author={Neugebauer, CF and Yariv, A},
	booktitle={Neural Networks, 1991., IJCNN-91-Seattle International Joint Conference on},
	volume={1},
	pages={447--451},
	year={1991},
	organization={IEEE}
}

@article{litime,
	title={Time-of-Flight Camera--An Introduction},
	author={Li, Larry},
	year={2014}
}

@article{sell2014xbox,
	title={The Xbox One System on a Chip and Kinect Sensor},
	author={Sell, John and O'Connor, Patrick},
	year={2014},
	publisher={IEEE}
}

@article{finsterwalder1897geometrischen,
	title={Die geometrischen Grundlagen der Photogrammetrie.},
	author={Finsterwalder, Sebastian},
	journal={Jahresbericht der Deutschen Mathematiker-Vereinigung},
	volume={6},
	pages={1--42},
	year={1897}
}

@article{thompson1980physics,
	title={Physics of semiconductor laser devices},
	author={Thompson, George Horace Brooke},
	journal={Chichester, Sussex, England and New York, Wiley-Interscience, 1980. 572 p.},
	volume={1},
	year={1980}
}

@article{thierryoggietof,
	title={Image Sensor Technologies for 3D Time-of-flight
	Range Imaging},
	author={Thierry Oggier},
	pages={http://www.imagesensors.org/},
	year={2009}
}

@article{lindner2010time,
	title={Time-of-flight sensor calibration for accurate range sensing},
	author={Lindner, Marvin and Schiller, Ingo and Kolb, Andreas and Koch, Reinhard},
	journal={Computer Vision and Image Understanding},
	volume={114},
	number={12},
	pages={1318--1328},
	year={2010},
	publisher={Elsevier}
}

@incollection{lefloch2013technical,
	title={Technical Foundation and Calibration Methods for Time-of-Flight Cameras},
	author={Lefloch, Damien and Nair, Rahul and Lenzen, Frank and Sch{\"a}fer, Henrik and Streeter, Lee and Cree, Michael J and Koch, Reinhard and Kolb, Andreas},
	booktitle={Time-of-Flight and Depth Imaging. Sensors, Algorithms, and Applications},
	pages={3--24},
	year={2013},
	publisher={Springer}
}

@article{taylor1999nist,
	title={The NIST reference on constants, units and uncertainty},
	author={Taylor, B and Mohr, Peter J},
	year={1999},
	publisher={NIST}
}

@article{litwiller2005cmos,
	title={CMOS vs. CCD: Maturing Technologies, Maturing Markets-The factors determining which type of imager delivers better cost performance are becoming more refined.},
	author={Litwiller, Dave},
	journal={Photonics Spectra},
	volume={39},
	number={8},
	pages={54--61},
	year={2005},
	publisher={Pittsfield, Mass.: Optical Pub. Co., 1982-}
}

@article{CLVpolytec,
	author = {Polytec},
	title = {CLV 
	Compact Laser Vibrometer},
	journaltitle = {Polytec Datasheet},
	date = {2001},
}


@article{newport,
	author = {newport.com},
	title = {Laser Diode Technology},
	date = {2014},
}

@article{Matlab_FFT,
	author = {Mathworks},
	title = {Fast Fourier transform documentation},
	pages = {http://de.mathworks.com/help/matlab/ref/fft.html}
	date = {2014},
}
	
@artical{yasutomi20147,
title={7.5 A 0.3 mm-resolution Time-of-Flight CMOS range imager with column-gating clock-skew calibration},
author={Yasutomi, Keita and Usui, Takahiro and Han, Sang-Man and Takasawa, Taishi and Kagawa, Keiichiro and Kawahito, Shoji},
booktitle={Solid-State Circuits Conference Digest of Technical Papers (ISSCC), 2014 IEEE International},
pages={132--133},
year={2014},
organization={IEEE}
}

@artical{mantik2013enhancement,
	title={Enhancement of the Stereo Pattern Tracking Technique for Model Deformation Assessment at ETW},
	author={Mantik, Jennifer and Quix, H and Quest, J},
	booktitle={51st AIAA Aerospace Sciences Meeting, Paper},
	volume={870},
	pages={2013},
	year={2013}
}

@article{jamtsho2010geometric,
	title={Geometric Modelling of 3D Range Cameras and Their Application for Structural Deformation Measurement},
	author={Jamtsho, Sonam},
	journal={Master Sciences Thesis, Department of Geomatics Engineering, Calgary, Alberta, December},
	year={2010}
} 

@article{nearfieldKinect,
	title={Hackers put Kinect for Windows v2 through its paces},
	author={Ben,Lower},
	journal={http://blogs.msdn.com/b/kinectforwindows/archive/2014/07/02/hackers-put-kinect-for-windows-v2-through-its-paces.aspx},
	year={2014}
}

@article{odosimagingdatasheet,
	title={realiZ1K},
	author={odosimaging},
	journal={http://www.odos-imaging.com/uploads/pages/p-realiZ-1K/DSOIVS1000$\_$datasheet$\_$2014$\_$web.pdf},
	year={2014}
}

@article{park2007new,
	title={A new approach for health monitoring of structures: terrestrial laser scanning},
	author={Park, HS and Lee, HM and Adeli, Hojjat and Lee, I},
	journal={Computer-Aided Civil and Infrastructure Engineering},
	volume={22},
	number={1},
	pages={19--30},
	year={2007},
	publisher={Wiley Online Library}
}

@article{dal2010probabilistic,
	title={A probabilistic approach to tof and stereo data fusion},
	author={Dal Mutto, Carlo and Zanuttigh, Pietro and Cortelazzo, Guido M},
	journal={3DPVT, Paris, France},
	volume={2},
	year={2010}
}

@article{cova1996avalanche,
	title={Avalanche photodiodes and quenching circuits for single-photon detection},
	author={Cova, S and Ghioni, M and Lacaita, A and Samori, C and Zappa, F},
	journal={Applied optics},
	volume={35},
	number={12},
	pages={1956--1976},
	year={1996},
	publisher={Optical Society of America}
}

@artical{bushberg2011essential,
	title={The essential physics of medical imaging},
	author={Bushberg, Jerrold T and Boone, John M},
	year={2011},
	publisher={Lippincott Williams \& Wilkins}
}

@article{tschirleyelektronik,
	title={Elektronik I--Grundlagen},
	author={Tschirley, Sven}
}